@book{koza92,
		author    = "Koza, John R.",
		title     = "Genetic Programming: On the Programming of Computers by Means of Natural Selection",
		publisher = "MIT Press",
		year      = "1992"
}


@misc{wiki:licencia,
       author = "Wikipedia",
       title = "Licencia --- Wikipedia{,} La enciclopedia libre",
       year = "2024",
       howpublished = {\url{https://es.wikipedia.org/wiki/Licencia}},
       note = "[Internet; accedido 28-mayo-2024]"
}

@misc{ SS:latex,
       author = "Seguridad Social",
       title = "Seguridad Social",
       year = "2024",
       howpublished = {\url{https://www.seg-social.es/wps/portal/wss/internet/Inicio}},
       note = "[Internet; accedido 28-mayo-2024]"
}

@misc{ MIT:latex,
       author = "open source initiative",
       title = "The MIT License",
       year = "2024",
       howpublished = {\url{https://opensource.org/license/mit}},
       note = "[Internet; accedido 28-mayo-2024]"
}

@misc{ CC:latex,
       author = "Creative Commons",
       title = "Attribution 4.0 international (cc by 4.0)",
       year = "2016",
       howpublished = {\url{https://creativecommons.org/licenses/by/4.0/}},
       note = "[Internet; accedido 28-mayo-2024]"
}

@misc{ IEEE:latex,
       author = "IEEE",
       title = "IEEE SA - 830-1998 - IEEE Recommended Practice for Software Requirements Specifications.",
       howpublished = {\url{https://standards.ieee.org/ieee/830/1222/}},
       note = "[Internet; accedido 29-mayo-2024]"
}

@misc{web:clienteServidor,
       author = "Fernán García de Zúñiga",
       title = "Todo sobre la arquitectura cliente-servidor",
       year = "2024",
       howpublished = {\url{https://www.arsys.es/blog/todo-sobre-la-arquitectura-cliente-servidor}},
       note = "[Internet; accedido 30-mayo-2024]"
}

@misc{web:clienteServidor2,
       author = "CHSO Sunal",
       title = "Estructura Cliente-Servidor",
       year = "2018",
       howpublished = {\url{https://chsosunal20181913034worpress.wordpress.com/2018/05/19/estructura-cliente-servidor/}},
       note = "[Internet; accedido 30-mayo-2024]"
}

@misc{ imageAI:latex,
       author = "Moses Olafenwa",
       title = "Official English Documentation for ImageAI",
       year = "2022",
       howpublished = {\url{https://imageai.readthedocs.io/en/latest/index.html}},
       note = "[Internet; accedido 18-mayo-2024]"
}

@misc{StatsBomb,
  author = {StatsBomb},
  title = {StatsBomb},
  year = {2024},
  howpublished = {\url{https://statsbomb.com/es/}},
  note = {Último acceso: 23 de mayo de 2024}
}

@misc{ udemy:latex,
       author = "Fernando Herrera",
       title = "Angular: De cero a experto",
       year = "Última actualización: 3/2024",
       howpublished = {\url{https://www.udemy.com/course/angular-fernando-herrera/}},
       note = "[Internet; accedido 20-mayo-2024]"
}

@misc{ visualStudioCode:latex,
       author = "Microsoft",
       title = "Visual Studio Code",
       year = "2024",
       howpublished = {\url{https://code.visualstudio.com/}},
       note = "[Internet; accedido 02-junio-2024]"
}

@misc{ nodejs:latex,
       author = "Node",
       title = "Node.js",
       year = "2024",
       howpublished = {\url{https://nodejs.org/en/}},
       note = "[Internet; accedido 02-junio-2024]"
}

@misc{ git:latex,
       author = "Git",
       title = "Git",
       year = "2024",
       howpublished = {\url{https://git-scm.com/download/win}},
       note = "[Internet; accedido 02-junio-2024]"
}

@misc{ python:latex,
       author = "Python",
       title = "Python 3.8.0",
       year = "2024",
       howpublished = {\url{https://www.python.org/downloads/release/python-380/}},
       note = "[Internet; accedido 02-junio-2024]"
}

@misc{ Angular:latex,
       author = "Angular",
       title = "Angular",
       year = "2024",
       howpublished = {\url{https://angular.dev/}},
       note = "[Internet; accedido 02-junio-2024]"
}

@misc{ clonar:latex,
       author = "GitHub",
       title = "Cloning a repository",
       year = "2017",
       howpublished = {\url{https://docs.github.com/es/repositories/creating-and-managing-repositories/cloning-a-repository}},
       note = "[Internet; accedido 02-junio-2024]"
}




