@book{koza92,
		author    = "Koza, John R.",
		title     = "Genetic Programming: On the Programming of Computers by Means of Natural Selection",
		publisher = "MIT Press",
		year      = "1992"
}


@misc{ wiki:latex,
       author = "Wikipedia",
       title = "LaTeX --- Wikipedia{,} La enciclopedia libre",
       year = "2015",
       howpublished = {\url{https://es.wikipedia.org/w/index.php?title=LaTeX&oldid=84209252}},
       note = "[Internet; descargado 30-septiembre-2015]"
}

@misc{ scrum:latex,
       author = "Wikipedia",
       title = "Scrum (desarrollo de software)",
       year = "2024",
       howpublished = {\url{https://es.wikipedia.org/wiki/Scrum_(desarrollo_de_software)}},
       note = "[Internet; accedido 15-mayo-2024]"
}

@misc{ kanban:latex,
       author = "Wikipedia",
       title = "Kanban",
       year = "2024",
       howpublished = {\url{https://es.wikipedia.org/wiki/Kanban}},
       note = "[Internet; accedido 15-mayo-2024]"
}

@misc{ regresionLogistica:latex,
       author = "Wikipedia",
       title = "Regresión logística",
       year = "2024",
       howpublished = {\url{https://es.wikipedia.org/wiki/Regresi%C3%B3n_log%C3%ADstica}},
       note = "[Internet; accedido 17-mayo-2024]"
}


@misc{ xG:latex,
       author = "StatsBomb",
       title = "¿Qué son los goles esperados?",
       year = "2024",
       howpublished = {\url{https://statsbomb.com/es/metricas-de-futbol/que-es-el-xg/#:~:text=En%20t%C3%A9rminos%20b%C3%A1sicos%2C%20el%20xG,escala%20de%200%20a%201.}},
       note = "[Internet; accedido 17-mayo-2024]"
}

@misc{ golesEsperados:latex,
       author = "Guillermo Baches",
       title = "Goles Esperados (xG) : Cómo han revolucionado la manera de analizar el rendimiento de los equipos y jugadores de fútbol actual",
       year = "2023",
       howpublished = {\url{https://guillembaches.medium.com/goles-esperados-xg-c%C3%B3mo-han-revolucionado-la-manera-de-analizar-el-rendimiento-de-los-equipos-cc9acc0aa548}},
       note = "[Internet; accedido 17-mayo-2024]"
}

@misc{ poisson:latex,
       author = "Wikipedia",
       title = "Distribución de Poisson",
       year = "2024",
       howpublished = {\url{https://es.wikipedia.org/wiki/Distribuci%C3%B3n_de_Poisson}},
       note = "[Internet; accedido 17-mayo-2024]"
}

@misc{ puntosEsperados:latex,
       author = "Alejandro Arroyo",
       title = "‘Puntos Esperados’ (xP): los que dan crédito al merecimiento",
       year = "2021",
       howpublished = {\url{https://www.driblab.com/es/actualidad/puntos-esperados-xp-la-metrica-que-da-credito-al-merecimiento/}},
       note = "[Internet; accedido 17-mayo-2024]"
}

@misc{ imageAI:latex,
       author = "Moses Olafenwa",
       title = "Official English Documentation for ImageAI",
       year = "2022",
       howpublished = {\url{https://imageai.readthedocs.io/en/latest/index.html}},
       note = "[Internet; accedido 18-mayo-2024]"
}

@misc{ retinanet:latex,
       author = "Esri",
       title = "Detección de objetos",
       year = "2022",
       howpublished = {\url{https://pro.arcgis.com/es/pro-app/latest/tool-reference/image-analyst/object-detection.htm}},
       note = "[Internet; accedido 18-mayo-2024]"
}

@misc{ udemy:latex,
       author = "Fernando Herrera",
       title = "Angular: De cero a experto",
       year = "Última actualización: 3/2024",
       howpublished = {\url{https://www.udemy.com/course/angular-fernando-herrera/}},
       note = "[Internet; accedido 20-mayo-2024]"
}

@misc{ api:web,
       author = "API Football",
       title = "API Football",
       year = "2024",
       howpublished = {\url{https://www.api-football.com/}},
       note = "[Internet; accedido 20-mayo-2024]"
}

@misc{ yolo:latex,
       author = "glenn-jocher",
       title = "YOLOv3, YOLOv3-Ultralytics, y YOLOv3u",
       year = "2024",
       howpublished = {\url{https://docs.ultralytics.com/models/yolov3/}},
       note = "[Internet; accedido 18-mayo-2024]"
}

@misc{ tfgSevilla:latex,
       author = "Estévez Trigo, Daniel",
       title = "Detección de objetos en imágenes utilizando técnicas de aprendizaje profundo (Deep Learning)",
       year = "2021",
       howpublished = {\url{https://idus.us.es/handle/11441/127376}},
       note = "[Internet; accedido por primera vez 20-febrero-2024]"
}

@misc{oneFootball,
  author       = "OneFootball",
  title        = "OneFootball: Todo sobre fútbol",
  year         = "2024",
  howpublished = {\url{https://onefootball.com/es/inicio}},
  note         = "[Internet; accedido 21-mayo-2024]"
}

@misc{apiRest,
  author = {{Amazon Web Services, Inc.}},
  title = {¿Qué es una API de RESTful?},
  year = {2023},
  howpublished = {\url{https://aws.amazon.com/es/what-is/restful-api/}},
  note = {Último acceso: 23 de mayo de 2024}
}

@misc{StatsBomb,
  author = {StatsBomb},
  title = {StatsBomb},
  year = {2024},
  howpublished = {\url{https://statsbomb.com/es/}},
  note = {Último acceso: 23 de mayo de 2024}
}

@misc{rapidapi,
  author = {RapidApi},
  title = {RapidApi},
  year = {2024},
  howpublished = {\url{https://rapidapi.com}},
  note = {Último acceso: 23 de mayo de 2024}
}




@article{bortolot2005,
  title={Estimating forest biomass using small footprint LiDAR data: An individual tree-based approach that incorporates training data},
  author={Bortolot, Zachary J and Wynne, Randolph H},
  journal={ISPRS Journal of Photogrammetry and Remote Sensing},
  volume={59},
  number={6},
  pages={342--360},
  year={2005},
  publisher={Elsevier}
}

